@article{aif360,
  title={AI Fairness 360: An Extensible Toolkit for Detecting and Mitigating Algorithmic Bias},
  author={Bellamy, Rachel K. E. and Dey, Kuntal and Hind, Michael and Hoffman, Samuel C. and Houde, Stephanie and Kannan, Kalapriya and Lohia, Pranay and Martino, Jacquelyn and Mehta, Sameep and Mojsilovic, Aleksandra and others},
  journal={IBM Journal of Research and Development},
  volume={63},
  number={4/5},
  pages={4:1--4:15},
  year={2019},
  doi={10.1147/JRD.2019.2942287},
  url={https://aif360.res.ibm.com}
}

@article{aif360_paper,
  title={AI Fairness 360: An Extensible Toolkit for Detecting, Understanding, and Mitigating Unwanted Algorithmic Bias},
  author={Bellamy, Rachel K. E. and others},
  journal={arXiv preprint arXiv:1810.01943},
  year={2018},
  url={https://arxiv.org/abs/1810.01943}
}

@inproceedings{aif360_toolkit,
  title={AI Fairness 360: An Extensible Toolkit for Detecting and Mitigating Algorithmic Bias},
  author={Bellamy, Rachel K. E. and others},
  booktitle={Proceedings of the 2019 AAAI/ACM Conference on AI, Ethics, and Society},
  pages={429--430},
  year={2019},
  doi={10.1145/3306618.3314273}
}

@article{mitigation_techniques,
  title={A Survey on Bias and Fairness in Machine Learning},
  author={Mehrabi, Ninareh and Morstatter, Fred and Saxena, Nripsuta and Lerman, Kristina and Galstyan, Aram},
  journal={ACM Computing Surveys (CSUR)},
  volume={54},
  number={6},
  pages={1--35},
  year={2021},
  doi={10.1145/3457607}
}

@article{fairness_metrics,
  title={Fairness Metrics and Bias Mitigation Strategies for Rating Predictions},
  author={Ekstrand, Michael D. and Das, Abhisek and Burke, Robin and Diaz, Fernando},
  journal={Information Processing & Management},
  volume={58},
  number={5},
  pages={102646},
  year={2021},
  doi={10.1016/j.ipm.2021.102646}
}
